% This file was created with JabRef 2.6.
% Encoding: UTF-8

@MISC{SICKLMS291Datasheet,
  author = {SICK AG},
  title = {LMS291-S05 Datasheet},
  month = July,
  year = {2011},
  owner = {eric},
  timestamp = {2011.07.23},
  url = {https://www.mysick.com/PDF/Create.aspx?ProductID=33771&Culture=en-US}
}

@MISC{ADXRS150Datasheet,
  author = {Analog Devices},
  title = {ADXRS150},
  month = March,
  year = {2004},
  url = {http://www.analog.com/static/imported-files/data_sheets/ADXRS150.pdf}
}

@MASTERSTHESIS{Harper2009,
  author = {Jason W. Harper},
  title = {Fast Template Matching For Vision-Based Localization},
  school = {Case Western Reserve University},
  year = {2009},
  type = {MS Thesis},
  owner = {eric},
  timestamp = {2011.07.24},
  url = {http://rave.ohiolink.edu/etdc/view?acc_num=case1238689057}
}

@BOOK{Lav06,
  title = {Planning Algorithms},
  publisher = {Cambridge University Press},
  year = {2006},
  author = {S. M. LaValle},
  address = {Cambridge, U.K.},
  note = {Available at http://planning.cs.uiuc.edu/}
}

@INPROCEEDINGS{Marder-Eppstein2010,
  author = {Eitan Marder-Eppstein and Eric Berger and Tully Foote and Brian Gerkey
	and Kurt Konolige},
  title = {The Office Marathon: Robust Navigation in an Indoor Office Environment},
  booktitle = {International Conference on Robotics and Automation},
  year = {2010}
}

@MISC{WikipediaSICKScan,
  author = {Michael Tandy},
  title = {LIDAR-scanned-SICK-LMS-animation.gif},
  month = March,
  year = {2008},
  owner = {eric},
  timestamp = {2011.06.30},
  url = {http://en.wikipedia.org/wiki/File:LIDAR-scanned-SICK-LMS-animation.gif}
}

@comment{jabref-meta: selector_publisher:}

@comment{jabref-meta: selector_author:}

@comment{jabref-meta: selector_journal:}

@comment{jabref-meta: selector_keywords:}

